@InProceedings{Vardi::95,
  author = {Moshe Y. Vardi},
  title = {Alternating Automata and Program Verification},
  booktitle = {In Computer Science Today. LNCS 1000},
  year = {1995},
  pages = {471--485},
  publisher = {Springer-Verlag}
}
