@InProceedings{Berndl::PointsToBDDs,
  author = {Berndl, Marc and Lhot\'{a}k, Ondrej and Qian, Feng and Hendren, Laurie and Umanee, Navindra},
  title = {Points-to analysis using {{BDD}}s},
  booktitle = {Proceedings of the ACM SIGPLAN 2003 conference on Programming language design and implementation},
  series = {PLDI '03},
  year = {2003},
  isbn = {1-58113-662-5},
  location = {San Diego, California, USA},
  pages = {103--114},
  numpages = {12},
  url = {http://doi.acm.org/10.1145/781131.781144},
  doi = {http://doi.acm.org/10.1145/781131.781144},
  acmid = {781144},
  publisher = {ACM},
  address = {New York, NY, USA},
  keywords = {binary decision diagrams, points-to analysis},
} 

@article{Bryant::BDDs,
 author = {Bryant, Randal E.},
 title = {Graph-Based Algorithms for Boolean Function Manipulation},
 journal = {IEEE Trans. Comput.},
 issue_date = {August 1986},
 volume = {35},
 issue = {8},
 month = {August},
 year = {1986},
 issn = {0018-9340},
 pages = {677--691},
 numpages = {15},
 url = {http://dx.doi.org/10.1109/TC.1986.1676819},
 doi = {http://dx.doi.org/10.1109/TC.1986.1676819},
 acmid = {6433},
 publisher = {IEEE Computer Society},
 address = {Washington, DC, USA},
 keywords = {symbolic manipulation, Boolean functions, binary decision diagrams, logic design verification},
} 

@InProceedings{Hind::PointerAnalysis,
 author = {Hind, Michael},
 title = {Pointer analysis: haven't we solved this problem yet?},
 booktitle = {Proceedings of the 2001 ACM SIGPLAN-SIGSOFT workshop on Program analysis for software tools and engineering},
 series = {PASTE '01},
 year = {2001},
 isbn = {1-58113-413-4},
 location = {Snowbird, Utah, United States},
 pages = {54--61},
 numpages = {8},
 url = {http://doi.acm.org/10.1145/379605.379665},
 doi = {10.1145/379605.379665},
 acmid = {379665},
 publisher = {ACM},
 address = {New York, NY, USA},
} 
