@inproceedings{Remedying,
author = {Jensen, Simon Holm and Jonsson, Peter A. and M{\o}ller, Anders},
title = {Remedying the eval that men do},
booktitle = {Proceedings of the 2012 International Symposium on Software Testing and Analysis},
series = {ISSTA 2012},
year = {2012},
isbn = {978-1-4503-1454-1},
location = {Minneapolis, MN, USA},
pages = {34--44},
numpages = {11},
url = {http://doi.acm.org/10.1145/04000800.2336758},
doi = {10.1145/04000800.2336758},
acmid = {2336758},
publisher = {ACM},
address = {New York, NY, USA},
} 

@inproceedings{Eval,
 author = {Richards, Gregor and Hammer, Christian and Burg, Brian and Vitek, Jan},
 title = {The eval that men do: A large-scale study of the use of eval in javascript applications},
 booktitle = {Proceedings of the 25th European conference on Object-oriented programming},
 series = {ECOOP'11},
 year = {2011},
 isbn = {978-3-642-22654-0},
 location = {Lancaster, UK},
 pages = {52--78},
 numpages = {27},
 url = {http://dl.acm.org/citation.cfm?id=2032497.2032503},
 acmid = {2032503},
 publisher = {Springer-Verlag},
 address = {Berlin, Heidelberg},
} 
