@InProceedings{Mohnen,
 author = {Mohnen, Markus},
 title = {A Graph-Free Approach to Data-Flow Analysis},
 booktitle = {Proceedings of the 11th International Conference on Compiler Construction},
 series = {CC '02},
 year = {2002},
 isbn = {3-540-43369-4},
 pages = {46--61},
 numpages = {16},
 url = {http://dl.acm.org/citation.cfm?id=647478.727795},
 acmid = {727795},
 publisher = {Springer-Verlag},
 address = {London, UK, UK},
}
