@inproceedings{Unparsed,
 author = {Volanschi, Nic and Rinderknecht, Christian},
 title = {Unparsed patterns: easy user-extensibility of program manipulation tools},
 booktitle = {Proceedings of the 2008 ACM SIGPLAN symposium on Partial evaluation and semantics-based program manipulation},
 series = {PEPM '08},
 year = {2008},
 isbn = {978-1-59593-977-7},
 location = {San Francisco, California, USA},
 pages = {111--121},
 numpages = {11},
 url = {http://doi.acm.org/10.1145/1328408.1328425},
 doi = {10.1145/1328408.1328425},
 acmid = {1328425},
 publisher = {ACM},
 address = {New York, NY, USA},
 keywords = {pattern matching, source code, unparsed patterns},
} 

@inproceedings{Condate,
 author = {Volanschi, Nic},
 title = {Condate: a proto-language at the confluence between checking and compiling},
 booktitle = {Proceedings of the 8th ACM SIGPLAN international conference on Principles and practice of declarative programming},
 series = {PPDP '06},
 year = {2006},
 isbn = {1-59593-388-3},
 location = {Venice, Italy},
 pages = {225--236},
 numpages = {12},
 url = {http://doi.acm.org/10.1145/1140335.1140363},
 doi = {10.1145/1140335.1140363},
 acmid = {1140363},
 keywords = {compilers, customization, declarative languages, program checking},
} 

@article{NV,
 author = {Volanschi, Nic},
 affiliation = {1 rue Michel Jeunet Poissy 78300 France},
 title = {A portable compiler-integrated approach to permanent checking},
 journal = {Automated Software Engineering},
 publisher = {Springer Netherlands},
 issn = {0928-8910},
 keyword = {Computer Science},
 pages = {3-33},
 volume = {15},
 issue = {1},
 url = {http://dx.doi.org/10.1007/s10515-007-0022-4},
 note = {10.1007/s10515-007-0022-4},
 year = {2008}
}
